<?xml version="1.0" encoding="UTF-8"?><collection xmlns="http://www.loc.gov/MARC21/slim"><record><leader>00449nam--2200169-i-4500</leader><controlfield tag="001">000022179</controlfield><controlfield tag="002">20161230</controlfield><controlfield tag="005">20161230201034</controlfield><controlfield tag="008">060222s1000------------r-----000-0-eng-d</controlfield><datafield ind1=" " ind2=" " tag="040"><subfield code="a">IFIN-HH</subfield></datafield><datafield ind1=" " ind2=" " tag="080"><subfield code="a">539.14</subfield></datafield><datafield ind1="1" ind2=" " tag="100"><subfield code="a">Howard, Robert A</subfield></datafield><datafield ind1="1" ind2="0" tag="245"><subfield code="a">Nuclear physics</subfield><subfield code="c">Robert a. howard</subfield></datafield><datafield ind1=" " ind2=" " tag="260"><subfield code="a">Belmont, California</subfield><subfield code="b">Wadsworth Publishing Company, Inc</subfield><subfield code="c">1963</subfield></datafield><datafield ind1=" " ind2=" " tag="300"><subfield code="a">XIII + 578P</subfield></datafield><datafield ind1=" " ind2=" " tag="852"><subfield code="a">19086</subfield><subfield code="c">539</subfield></datafield><datafield ind1=" " ind2=" " tag="CAT"><subfield code="a">Sys</subfield><subfield code="c">20110927</subfield><subfield code="h">155320</subfield></datafield></record></collection>